<?xml version="1.0" encoding="UTF-8"?>
<record xmlns="http://www.loc.gov/MARC21/slim">
  <leader>01104ntm a2200313Ia 4500</leader>
  <controlfield tag="001">3570591</controlfield>
  <controlfield tag="005">20100817115100.0</controlfield>
  <controlfield tag="008">100715m18441866mau           000 0 eng d</controlfield>
  <datafield tag="035" ind1=" " ind2=" ">
    <subfield code="a">(OCoLC)648019270</subfield>
  </datafield>
  <datafield tag="035" ind1=" " ind2=" ">
    <subfield code="a">ocn648019270</subfield>
  </datafield>
  <datafield tag="040" ind1=" " ind2=" ">
    <subfield code="a">BRL</subfield>
    <subfield code="c">BRL</subfield>
    <subfield code="d">BRL</subfield>
  </datafield>
  <datafield tag="049" ind1=" " ind2=" ">
    <subfield code="a">BRLL</subfield>
  </datafield>
  <datafield tag="099" ind1=" " ind2=" ">
    <subfield code="a">Ms.fA.27</subfield>
  </datafield>
  <datafield tag="130" ind1="0" ind2=" ">
    <subfield code="a">Liberator (Boston, Mass. : 1831)</subfield>
  </datafield>
  <datafield tag="245" ind1="1" ind2="0">
    <subfield code="a">[Day book of The Liberator</subfield>
    <subfield code="h">[manuscript]</subfield>
    <subfield code="f">1844-1866.]</subfield>
  </datafield>
  <datafield tag="246" ind1="1" ind2="2">
    <subfield code="a">Liberator day book</subfield>
  </datafield>
  <datafield tag="300" ind1=" " ind2=" ">
    <subfield code="a">5 v. ;</subfield>
    <subfield code="c">34 cm.</subfield>
  </datafield>
  <datafield tag="500" ind1=" " ind2=" ">
    <subfield code="a">Daily record of cash transactions.</subfield>
  </datafield>
  <datafield tag="500" ind1=" " ind2=" ">
    <subfield code="a">Title supplied by cataloger.</subfield>
  </datafield>
  <datafield tag="500" ind1=" " ind2=" ">
    <subfield code="a">Manuscript book.</subfield>
  </datafield>
  <datafield tag="505" ind1="0" ind2=" ">
    <subfield code="a">v.1: May 1844-March 1846. -- v.2: April 1846-August 1851. -- v.3: September 1851-January 1856. -- v.4: January 1856-May 1862. -- v.5: June 1862-February 1866.</subfield>
  </datafield>
  <datafield tag="541" ind1=" " ind2=" ">
    <subfield code="c">Gift;</subfield>
    <subfield code="a">Family of William Lloyd Garrison;</subfield>
    <subfield code="d">November, 1899.</subfield>
  </datafield>
  <datafield tag="600" ind1="1" ind2="0">
    <subfield code="a">Garrison, William Lloyd,</subfield>
    <subfield code="d">1805-1879.</subfield>
  </datafield>
  <datafield tag="630" ind1="0" ind2="0">
    <subfield code="a">Liberator (Boston, Mass. : 1831)</subfield>
  </datafield>
  <datafield tag="650" ind1=" " ind2="0">
    <subfield code="a">Slavery.</subfield>
  </datafield>
  <datafield tag="650" ind1=" " ind2="0">
    <subfield code="a">Newspaper publishing</subfield>
    <subfield code="z">Massachusetts</subfield>
    <subfield code="z">Boston.</subfield>
  </datafield>
  <datafield tag="655" ind1=" " ind2="0">
    <subfield code="a">Business records.</subfield>
  </datafield>
  <datafield tag="655" ind1=" " ind2="0">
    <subfield code="a">Manuscripts.</subfield>
  </datafield>
  <datafield tag="994" ind1=" " ind2=" ">
    <subfield code="a">11</subfield>
    <subfield code="b">BRL</subfield>
  </datafield>
</record>
